<?xml version="1.0" encoding="UTF-8" ?>
<?xml-stylesheet type="text/xsl" href="http://gso.gbv.de/sru/?xsl=searchRetrieveResponse" ?>
<srw:searchRetrieveResponse xmlns:srw="http://www.loc.gov/zing/srw/"
			    xmlns:dc="http://purl.org/dc/elements/1.1/"
			    xmlns:diag="http://www.loc.gov/zing/srw/diagnostic/"
			    xmlns:xcql="http://www.loc.gov/zing/cql/xcql/">
    <srw:version>1.1</srw:version>
    <srw:numberOfRecords>1</srw:numberOfRecords>
    <srw:resultSetId>SIDd8086af6-fcS96</srw:resultSetId>
    <srw:records>
    


<srw:record>
<srw:recordSchema>marc21</srw:recordSchema>
<srw:recordPacking>xml</srw:recordPacking>
<srw:recordData>
<record>
<controlfield tag="005">20101026100259.0</controlfield>
<leader>xxxxxnam a22yyyyy ib4500</leader>
<controlfield tag="001">637799801</controlfield>
<controlfield tag="003">DE-601</controlfield>
<datafield tag="020" ind1=" " ind2=" "><subfield code="a">9780415551816 (hbk.)</subfield></datafield>
<datafield tag="035" ind1=" " ind2=" "><subfield code="a">(DE-599)GBV637799801</subfield></datafield>
<controlfield tag="008">101026s2011    xxk           000 0 eng d</controlfield>
<datafield tag="040" ind1=" " ind2=" "><subfield code="a">GyGoGBV</subfield>
<subfield code="b">ger</subfield>
<subfield code="e">rakwb</subfield></datafield>
<datafield tag="041" ind1="0" ind2=" "><subfield code="a">eng</subfield></datafield>
<datafield tag="245" ind1="0" ind2="0"><subfield code="a">Religion and politics in global context :</subfield>
<subfield code="b">new challenges.</subfield></datafield>
<datafield tag="700" ind1="1" ind2=" "><subfield code="a">Altglas, Véronique.</subfield></datafield>
<datafield tag="260" ind1=" " ind2=" "><subfield code="a">Abingdon [u.a.] :</subfield>
<subfield code="b">Routledge,</subfield>
<subfield code="c">2011.</subfield></datafield>
<datafield tag="300" ind1=" " ind2=" "><subfield code="a">viii, 324 S.</subfield></datafield>
<datafield tag="490" ind1="0" ind2=" "><subfield code="a">Religion and globalization</subfield>
<subfield code="v"> : critical concepts in social studies / edited by Véronique Altglas ; 4</subfield></datafield>
<datafield tag="830" ind1=" " ind2=" "><subfield code="a">Religion and globalization</subfield>
<subfield code="b"> : critical concepts in social studies / edited by Véronique Altglas</subfield>
<subfield code="v">4</subfield>
<subfield code="w">(DE-601)622922203</subfield></datafield>
<datafield tag="490" ind1="0" ind2=" "><subfield code="a">Critical concepts in social studies</subfield></datafield>
<datafield tag="084" ind1=" " ind2=" "><subfield code="a">BE 2260</subfield>
<subfield code="2">rvk</subfield></datafield>
<datafield tag="900" ind1=" " ind2=" "><subfield code="a">GBV</subfield>
<subfield code="b">MPI MMG &#60;Gö 164&#62;</subfield>
<subfield code="d">!Gö164! Ref BE 2260 Altg 2011:4</subfield>
<subfield code="x">N</subfield>
<subfield code="z">N</subfield></datafield>
<datafield tag="954" ind1=" " ind2=" "><subfield code="a">49</subfield>
<subfield code="b">1192233611</subfield>
<subfield code="c">01</subfield>
<subfield code="d">Ref BE 2260 Altg 2011:4</subfield>
<subfield code="e">i</subfield>
<subfield code="x">3049</subfield></datafield></record></srw:recordData><srw:recordPosition>1</srw:recordPosition></srw:record>
</srw:records>
    <srw:echoedSearchRetrieveRequest>
	<srw:version>1.1</srw:version>
	<srw:query>pica.ppn+%3D+%22637799801%22</srw:query>
	<srw:xQuery><xcql:searchClause><xcql:index>pica.ppn</xcql:index><xcql:relation><xcql:value>=</xcql:value></xcql:relation><xcql:term>"637799801"</xcql:term></xcql:searchClause></srw:xQuery>
	<startRecord>1</startRecord>
	<maximumRecords>10</maximumRecords>
	<srw:recordPacking>xml</srw:recordPacking>
	<srw:recordSchema>marc21</srw:recordSchema>
	
	<srw:stylesheet>http://gso.gbv.de/sru/?xsl=searchRetrieveResponse</srw:stylesheet>
    </srw:echoedSearchRetrieveRequest>
    <diag:diagnostics>
        <diag:uri>info:srw/diagnostic/1/0</diag:uri>
	
	
    </diag:diagnostics>
    <srw:extraResponseData>
	<rob:authenticationToken xmlns:rob="info:srw/extension/2/auth-1.0">U958024,K8001LOGIN,D2.1,Ed8086af6-fc,I40,B0007%2F0333+,SY,A%5C9008+J,,1,,U,,4,,7,,M,H7-23,,30,,73,,76-77,,80-90,NSUB+GOETTINGEN,L8001LOGIN,R134.76.162.165,FN,O8001LOGIN</rob:authenticationToken>
        <mg:resultGrouping xmlns:mg="info:srw/extension/5/metadata-grouping-v1.0">
	    
	    <mg:grouping key="9008" description="Sysflag"></mg:grouping>
	    
	    <mg:grouping key="9001" description="Materialart"></mg:grouping>
	    
	    <mg:grouping key="9000" description="Erscheinungsjahr"></mg:grouping>
	    
	    <mg:grouping key="9006" description="Zeitraum"></mg:grouping>
	    
	    <mg:grouping key="9005" description="Ländercode"></mg:grouping>
	    
	    <mg:grouping key="9002" description="Region"></mg:grouping>
	    
	    <mg:grouping key="9004" description="Sprachcode"></mg:grouping>
	    
	    
	</mg:resultGrouping>
    </srw:extraResponseData>
</srw:searchRetrieveResponse>